<?xml version="1.0" encoding="UTF-8" ?><xb:digital_entity_call xmlns:xb="http://com/exlibris/digitool/repository/api/xmlbeans"><xb:digital_entity><pid>90376</pid><control><label>Teorie a praxe věcného pořádání v pojetí Ladislava Jana Živného</label><note>UISK FF UK</note><ingest_id xsi:nil="true" xmlns:xsi="http://www.w3.org/2001/XMLSchema-instance"/><ingest_name xsi:nil="true" xmlns:xsi="http://www.w3.org/2001/XMLSchema-instance"/><entity_type>COMPLEX</entity_type><entity_group xsi:nil="true" xmlns:xsi="http://www.w3.org/2001/XMLSchema-instance"/><usage_type>VIEW_MAIN</usage_type><preservation_level>any</preservation_level><partition_a xsi:nil="true" xmlns:xsi="http://www.w3.org/2001/XMLSchema-instance"/><partition_b xsi:nil="true" xmlns:xsi="http://www.w3.org/2001/XMLSchema-instance"/><partition_c>ckis_ok</partition_c><status xsi:nil="true" xmlns:xsi="http://www.w3.org/2001/XMLSchema-instance"/><creation_date>2010-01-27 15:43:01</creation_date><creator>super:BARANAYOVA</creator><modification_date>2018-01-30 15:52:31</modification_date><modified_by>super:DUVT</modified_by><admin_unit>DUR01</admin_unit></control><mds><md shared="true"><mid>309063</mid><description> </description><name>accessrights</name><type>rights_md</type><value><![CDATA[<?xml version="1.0" encoding="UTF-8"?><ar:access_right_md xmlns:ar="http://com/exlibris/digitool/repository/api/xmlbeans" enabled="true">	<ar_copyrights required="true">		<text_file>licence</text_file>	</ar_copyrights>	<ar_conditions>		<ar_condition negate="false">			<ar_expressions>				<ar_expression negate="false" ar_operation="within">					<key>ip_range</key>					<val1>195.113.89.0</val1>					<val2>195.113.93.255</val2>				</ar_expression>			</ar_expressions>		</ar_condition>		<ar_condition negate="false">			<ar_expressions>				<ar_expression negate="false" ar_operation="within">					<key>ip_range</key>					<val1>195.113.0.0</val1>					<val2>195.113.66.255</val2>				</ar_expression>			</ar_expressions>		</ar_condition>		<ar_condition negate="false">			<ar_expressions>				<ar_expression negate="false" ar_operation="within">					<key>ip_range</key>					<val1>78.128.160.0</val1>					<val2>78.128.207.255</val2>				</ar_expression>			</ar_expressions>		</ar_condition>		<ar_condition negate="false">			<ar_expressions>				<ar_expression negate="false" ar_operation="within">					<key>ip_range</key>					<val1>195.113.0.0</val1>					<val2>195.113.69.255</val2>				</ar_expression>			</ar_expressions>		</ar_condition>		<ar_condition negate="false">			<ar_expressions>				<ar_expression negate="false" ar_operation="within">					<key>ip_range</key>					<val1>195.113.114.0</val1>					<val2>195.113.117.255</val2>				</ar_expression>			</ar_expressions>		</ar_condition>		<ar_condition negate="false">			<ar_expressions>				<ar_expression negate="false" ar_operation="within">					<key>ip_range</key>					<val1>195.113.130.0</val1>					<val2>195.113.131.255</val2>				</ar_expression>			</ar_expressions>		</ar_condition>		<ar_condition negate="false">			<ar_expressions>				<ar_expression negate="false" ar_operation="within">					<key>ip_range</key>					<val1>195.113.149.132</val1>					<val2>195.113.149.135</val2>				</ar_expression>			</ar_expressions>		</ar_condition>		<ar_condition negate="false">			<ar_expressions>				<ar_expression negate="false" ar_operation="within">					<key>ip_range</key>					<val1>195.113.149.176</val1>					<val2>195.113.149.183</val2>				</ar_expression>			</ar_expressions>		</ar_condition>		<ar_condition negate="false">			<ar_expressions>				<ar_expression negate="false" ar_operation="within">					<key>ip_range</key>					<val1>195.113.187.240</val1>					<val2>195.113.187.251</val2>				</ar_expression>			</ar_expressions>		</ar_condition>		<ar_condition negate="false">			<ar_expressions>				<ar_expression negate="false" ar_operation="within">					<key>ip_range</key>					<val1>195.113.189.0</val1>					<val2>195.113.189.255</val2>				</ar_expression>			</ar_expressions>		</ar_condition>		<ar_condition negate="false">			<ar_expressions>				<ar_expression negate="false" ar_operation="within">					<key>ip_range</key>					<val1>195.113.223.0</val1>					<val2>195.113.223.255</val2>				</ar_expression>			</ar_expressions>		</ar_condition>		<ar_condition negate="false">			<ar_expressions>				<ar_expression negate="false" ar_operation="within">					<key>ip_range</key>					<val1>195.113.229.0</val1>					<val2>195.113.229.255</val2>				</ar_expression>			</ar_expressions>		</ar_condition>		<ar_condition negate="false">			<ar_expressions>				<ar_expression negate="false" ar_operation="within">					<key>ip_range</key>					<val1>195.113.236.0</val1>					<val2>195.113.236.255</val2>				</ar_expression>			</ar_expressions>		</ar_condition>		<ar_condition negate="false">			<ar_expressions>				<ar_expression negate="false" ar_operation="within">					<key>bor_tuples_m</key>					<val1>student</val1>				</ar_expression>			</ar_expressions>		</ar_condition>		<ar_condition negate="false"><ar_expressions><ar_expression negate="false" ar_operation="within"><key>ip_range</key><val1>78.128.2014.96</val1><val2>78.128.214.111</val2></ar_expression></ar_expressions></ar_condition><ar_condition negate="false"><ar_expressions><ar_expression negate="false" ar_operation="within"><key>ip_range</key><val1>193.84.53.0</val1><val2>193.84.53.255</val2></ar_expression></ar_expressions></ar_condition><ar_condition negate="false"><ar_expressions><ar_expression negate="false" ar_operation="within"><key>ip_range</key><val1>78.128.208.0</val1><val2>78.128.209.127</val2></ar_expression></ar_expressions></ar_condition><ar_condition negate="false"><ar_expressions><ar_expression negate="false" ar_operation="within"><key>ip_range</key><val1>78.128.214.66</val1><val2>78.128.214.67</val2></ar_expression></ar_expressions></ar_condition><ar_condition negate="false"><ar_expressions><ar_expression negate="false" ar_operation="within"><key>ip_range</key><val1>195.113.245.0</val1><val2>195.113.245.255</val2></ar_expression></ar_expressions></ar_condition><ar_condition negate="false"><ar_expressions><ar_expression negate="false" ar_operation="within"><key>ip_range</key><val1>195.113.180.160</val1><val2>195.113.180.167</val2></ar_expression></ar_expressions></ar_condition><ar_condition negate="false"><ar_expressions><ar_expression negate="false" ar_operation="within"><key>ip_range</key><val1>193.84.55.0</val1><val2>193.84.63.255</val2></ar_expression></ar_expressions></ar_condition></ar_conditions></ar:access_right_md>]]></value></md><md shared="false"><mid>159824</mid><description> </description><name>descriptive</name><type>marc</type><value><![CDATA[<record xmlns="http://www.loc.gov/MARC21/slim" xmlns:xsi="http://www.w3.org/2001/XMLSchema-instance" xsi:schemaLocation="http://www.loc.gov/MARC21/slim http://www.loc.gov/standards/marcxml/schema/MARC21slim.xsd"><leader>02235ntm a22003137a 4500</leader><controlfield tag="001">000212580</controlfield><controlfield tag="003">CZ PrCU</controlfield><controlfield tag="005">20090619150308.0</controlfield><controlfield tag="007">ta                    </controlfield><controlfield tag="008">050601s2005    xr ||||| ||||| |||||cze|d</controlfield><datafield tag="040" ind1=" " ind2=" "><subfield code="a">ABD107</subfield><subfield code="b">cze</subfield><subfield code="c">ABD107</subfield></datafield><datafield tag="100" ind1="1" ind2=" "><subfield code="a">Skolková, Linda</subfield><subfield code="4">dis</subfield></datafield><datafield tag="245" ind1="1" ind2="0"><subfield code="a">Teorie a praxe věcného pořádání v pojetí Ladislava Jana Živného</subfield><subfield code="h">[rukopis] /</subfield><subfield code="c">Linda Skolková ; ved. práce Peter Pálka</subfield></datafield><datafield tag="260" ind1=" " ind2=" "><subfield code="a">Praha,</subfield><subfield code="c">2005</subfield></datafield><datafield tag="300" ind1=" " ind2=" "><subfield code="a">75, 14 s.</subfield></datafield><datafield tag="502" ind1=" " ind2=" "><subfield code="a">Bakalářská práce (Bc.)--Univerzita Karlova. Filozofická fakulta. Ústav informačních studií a knihovnictví, 2005</subfield></datafield><datafield tag="520" ind1=" " ind2=" "><subfield code="a">Cílem bakalářské práce je zhodnocení teoretických i praktických přínosů Ladislava Jana Živného v oblasti věcného pořádání. V práci jsou nejprve v historickém kontextu stručně shrnuty životní osudy L. J. Živného se zřetelem k jeho činnosti v oblasti bibliografie a knihovnictví. Jádro práce tvoří sumarizace Živného názorů na teoretické základy věcného pořádání a zachycení jeho praktických zkušeností s věcným pořádáním, a to s přihlédnutím k inspiraci z četných cest do zahraničí. V teoretické oblasti je zvláštní důraz kladen na Živného zásluhy o propagaci desetinného třídění v našem prostředí a na jeho návrh vlastního třídění na základě Masarykovy klasifikace věd. Je rovněž proveden celkový rozbor Živného díla Třídění bibliologické z dnešního pohledu. V části práce věnované praktickým aspektům je pozornost věnována zejména aplikaci principů pořádání při bibliografické práci a v knihovnách. Dále je analyzována odezva na Živného dílo týkající se teorie a praxe věcného pořádání. V závěru je z dnešního hlediska zhodnocen Živného celkový přínos v uvedené oblasti.</subfield><subfield code="9">cze</subfield></datafield><datafield tag="655" ind1=" " ind2="4"><subfield code="a">bakalářské práce</subfield></datafield><datafield tag="650" ind1="0" ind2="4"><subfield code="a">Bakalářské práce - ÚISK</subfield></datafield><datafield tag="650" ind1="0" ind2="4"><subfield code="a">Mezinárodní desetinné třídění</subfield></datafield><datafield tag="650" ind1="0" ind2="4"><subfield code="a">Selekční jazyky</subfield></datafield><datafield tag="650" ind1="0" ind2="4"><subfield code="a">Třídění bibliologické</subfield></datafield><datafield tag="650" ind1="0" ind2="4"><subfield code="a">Věcné pořádání</subfield></datafield><datafield tag="650" ind1="0" ind2="4"><subfield code="a">Živný, Ladislav Jan</subfield></datafield><datafield tag="700" ind1="1" ind2=" "><subfield code="a">Pálka, Peter,</subfield><subfield code="d">1938-</subfield><subfield code="7">skuk0001038</subfield><subfield code="4">ths</subfield></datafield><datafield tag="710" ind1="2" ind2=" "><subfield code="a">Univerzita Karlova.</subfield><subfield code="b">Ústav informačních studií a knihovnictví</subfield><subfield code="7">kn20010710045</subfield><subfield code="4">dgg</subfield></datafield><datafield tag="856" ind1="4" ind2="1"><subfield code="u">http://digitool.is.cuni.cz:80/R/?func=dbin-jump-full&amp;object_id=21855</subfield><subfield code="y">Zobrazení plného textu (Digitální archiv UK)</subfield></datafield><datafield tag="910" ind1=" " ind2=" "><subfield code="a">ABD107</subfield></datafield><controlfield tag="998">000212580</controlfield><datafield tag="SID" ind1=" " ind2=" "><subfield code="a">Z39</subfield><subfield code="b">CKS01</subfield></datafield><controlfield tag="FMT">BK</controlfield></record>]]></value></md></mds><relations><relation><type>include</type><pid>88333</pid></relation><relation><type>include</type><pid>92176</pid></relation><relation><type>include</type><pid>528369</pid></relation><relation><type>manifestation</type><pid>528203</pid></relation></relations><stream_ref><file_name xsi:nil="true" xmlns:xsi="http://www.w3.org/2001/XMLSchema-instance"/><file_extension xsi:nil="true" xmlns:xsi="http://www.w3.org/2001/XMLSchema-instance"/><mime_type xsi:nil="true" xmlns:xsi="http://www.w3.org/2001/XMLSchema-instance"/><directory_path xsi:nil="true" xmlns:xsi="http://www.w3.org/2001/XMLSchema-instance"/><file_id xsi:nil="true" xmlns:xsi="http://www.w3.org/2001/XMLSchema-instance"/><storage_id>-1</storage_id><external_type>0</external_type><file_size_bytes>0</file_size_bytes></stream_ref></xb:digital_entity></xb:digital_entity_call>